@Book{MilneAlgebraicGroups,
 Author = {{Milne}, J.~S.},
 Title = {{Algebraic groups}},
 Subtitle = {{The Theory of Group Schemes of Finite Type Over a Field}},
 FJournal = {{Cambridge Studies in Advanced Mathematics}},
 Journal = {{Camb. Stud. Adv. Math.}},
 Volume = {170},
 ISBN = {978-1-107-16748-3; 978-1-316-71173-6},
 Pages = {xvi + 644},
 Year = {2017},
 Publisher = {Cambridge: Cambridge University Press},
 Language = {English},
 DOI = {10.1017/9781316711736},
 MSC2010 = {14-02 14L15 14L10 14L17 14L30 16T05 17B45},
 Zbl = {1390.14004}
}

@Book{GetzHahnAutomorphicRepresentations,
	Author = {Getz, Jayce R. and Hahn, Heekyoung},
	Title = {An Introduction to Automorphic Representations},
	Year = {2021},
	Publisher = {Springer},
	Language = {English},
}
